
%% Descrição detalhadas dos tipos de citação disponível em:
%%  http://pt.wikipedia.org/wiki/BibTeX

@article{moller93,
    author = {Martin F. Møller},
    title = {A scaled conjugate gradient algorithm for fast supervised learning},
    journal = {NEURAL NETWORKS},
    year = {1993},
    volume = {6},
    number = {4},
    pages = {525--533}
    }

@article{reyes2012,
   Title = {Monitoramento e diagnóstico de múltiplos sensores por redes neurais auto-associativas},
   journal = {Sba: Controle \& Automação Sociedade Brasileira de Automatica},
   author={Javier Reyes and Marley Vellasco and Ricardo Tanscheit},
   ISSN = {0103-1759},
   language = {pt},
   URL = {http://www.scielo.br/scielo.php?script=sci_arttext&pid=S0103-17592012000200001&nrm=iso},
   volume = {23},
   year = {2012},
   month = {04},
   pages = {121 - 137},
   publisher = {scielo}
   }

@book{smith2003,
	Address = {Burlington, MA},
	Author = {Steven W. Smith},
	Title = {Digital Signal Processing - A Practical Guide for Engineers and Scientists},
	Publisher = {Newnes},
	Year = {2003},
	Edition = {3rd Revised},
	ISSN={075067444X},
    OPTnote = {•},
	OPTDate-Added = {•},
	OPTDate-Modified = {•},
	OPTOrganization = {•},
	OPTUrlaccessdate = {•}
    }

@book{oppen1998,
	Address = {New Jersey},
	Author = {Alan V. oppenheim and Ronal W. Shafer and J. R. Buck},
	Title = {Discret-time signal processing},
	Publisher = {Prentice Hall},
	Year = {1998},
	Edition = {2},
    OPTnote = {•},
	OPTDate-Added = {•},
	OPTDate-Modified = {•},
	OPTOrganization = {•},
	OPTUrlaccessdate = {•}
    }

@inproceedings{ramalho2003,
	Author = {José Pinto Ramalho and Flávio Michel Ramilli Issa and Mauro Conti Pereira and Sergio Duarte Brandi and Cláudio Garcia and Faud Kassab Junior},
	Booktitle = {VI Simpósio Brasileiro de Automação Inteligente 2003},
	OPTDate-Added = {•},
	OPTDate-Modified = {•},
	OPTEditor = {•},
	Pages = {195-200},
	Publisher = {SBA - Sociedade Brasileira de Automática},
	Title = {Uma proposta para comparação de performance entre redes neurais artificiais, VI SBAI - Simpósio Brasileiro de Automação Inteligente},
	Url = {hhttp://fei.edu.br/sbai/SBAI2003/index.html},
	Urlaccessdate = {21 dez. 2014},
	Year = {2003},
	OPTBdsk-Url-1 = {•}
	}

@book{braga2007,
	Address = {Rio de Janeiro},
	Author = {Antonio de Pádua Braga and André Carlos Ponde de Leon de Carvalho and Teresa Bernardes Ludermir},
	Title = {Redes Neurais Artificiais: teoria e aplicações},
	Publisher = {LTC},
	Year = {2007},
	Edition = {1},
    OPTnote = {•},
	OPTDate-Added = {•},
	OPTDate-Modified = {•},
	OPTOrganization = {•},
	OPTUrlaccessdate = {•}
    }
    
@book{oppen2010,
	Address = {São Paulo},
	Author = {Alan V. Oppenheim and Alan S. Willsky com S. Hamid Nawab},
	Title = {Sinais e Sistemas},
	Publisher = {Pearson Prentice Hall},
	Year = {2010},
	Edition = {1},
    OPTnote = {•},
	OPTDate-Added = {•},
	OPTDate-Modified = {•},
	OPTOrganization = {•},
	OPTUrlaccessdate = {•}
	}

@book{ripley1996,
	Address = {Cambridge},
	Author = {B. D. Ripley},
	Title = {Pattern Recognition and Neural Networks},
	Publisher = {Cambridge University Press},
	Year = {1996},
	Edition = {1},
    OPTnote = {•},
	OPTDate-Added = {•},
	OPTDate-Modified = {•},
	OPTOrganization = {•},
	OPTUrlaccessdate = {•}
	}
	
@incollection{bridle1990,
	year={1990},
	isbn={978-3-642-76155-3},
	booktitle={Neurocomputing},
	volume={68},
	series={NATO ASI Series},
	editor={Soulié, FrançoiseFogelman and Hérault, Jeanny},
	doi={10.1007/978-3-642-76153-9_28},
	title={Probabilistic Interpretation of Feedforward Classification Network Outputs, with Relationships to Statistical Pattern Recognition},
	url={http://dx.doi.org/10.1007/978-3-642-76153-9_28},
	publisher={Springer Berlin Heidelberg},
	author={Bridle, JohnS.},
	pages={227-236},
	language={English}
	}
	
@book{haykin2001,
	Address = {Porto Alegre},
	Author = {Simon Haykin},
	Title = {Redes neurais: Princípios e prática},
	Publisher = {Bookman},
	note = {tradutor: Paulo Martins},
	Year = {2001},
	OPTDate-Added = {•},
	OPTDate-Modified = {•},
	OPTOrganization = {•},
	OPTUrlaccessdate = {•}
	}

@book{simon2001,
	Address = {Porto Alegre},
	Author = {Simon Haykin},
	Title = {Sinais e Sistemas},
	Publisher = {Bookman},
	note = {tradutor: José Carlos Baarbosa dos Santos},
	Year = {2001},
	OPTDate-Added = {•},
	OPTDate-Modified = {•},
	OPTOrganization = {•},
	OPTUrlaccessdate = {•}
	}

@mastersthesis{alves2007,
	Author = {Bruno Guimarães Costa Alves},
	OPTDate-Added = {•},
	OPTDate-Modified = {•},
	Keywords = {Visão coomputacional, Redes Neurais},
	School = {Universidade Federal da Bahia},
	Title = {Detecção de Infração em faixa de pedestres sem semáforos utilizando visão computacional e redes neurais.},
	Type = {Dissertação de Mestrado},
	Year = {2007}
	}

@article{termenon2016,
   Title = {Brain \{mri\} Morphological Patterns Extraction Tool Based on Extreme Learning Machine and Majority Vote Classification },
   Journal = {Neurocomputing },
   Volume  = {174, Part A},
   Number  = {},
   Pages   = {344 - 351},
   Year    = {2016},
   Note    = {},
   Issn    = {0925-2312},
   Doi     = {http://dx.doi.org/10.1016/j.neucom.2015.03.111},
  \url     = {http://www.sciencedirect.com/science/article/pii/s0925231215011388},
Author     = {Maite Termenon and Manuel Graña and Alexandre Savio and Anton Akusok and Yoan Miche and Kaj-Mikael Björk and Amaury Lendasse},
   Keywords = {ELM},
   Keywords = {MRI},
   Keywords = {Classification }
}
@book{edmar2015,
   Author    = {Edmar E. P. de Souza},
   Title     = {Pré - Processamento Eficiente para um Sistema online de Classificacção Baseado em Redes Neurais Artificiais},
   Publisher = {Dissertação de Mestrado, PPGEE/UFBA},
   Year      = {Julho, 2015},
   Address   = {Salvador}
}
@book{hyvarinen2001,
   Author    = {A. Hyvarinen  and J. Karhunen  and E. Oja },
   Title     = {Independent Component Analysis},
   Publisher = {wiley},
   Year      = {2001},
   Address   = {Nova York, Estados Unidos}
}
@book{book:pca:2002,
  Author    = {I. T. Jolliffe},
  Title     = {Principal Component Analysis},
  Publisher = {Springer},
  Year      = {2002},
  Edition   = {2nd},
  Address   = {Nova York, Estados Unidos}
}
@article{moreira2009,
   Author   = {Marco Antonio Moreira},
   Title    = {O Modelo Padrão Da Física De Partículas}, 
   Journal  = {Revista Brasileira De Ensino De Física},
   Year     = {2009},
  \url      = {www.sbfisica.org.br},
   Volume   = {31}, 
   Number   = {1},
   Pages    = {1306.01 - 1306.11},
   Pages    = {1-158}
   }
@misc{cern2016,
   Author        = {CERN-Colaboration},
   Title         = {CERN Homepage},
   Year          = {2016},   
   Howpublished  = {Disponível Em :$<$http://www.cern.ch/$>$},
   Urlaccessdate = {Acesso Em: 21 De Maio De 2016}
  }
@article {caren:roc,
   Author   = {Caren Marzban},
   Title    = {The Roc Curve and The Area Under It As Performance Measures},
   Journal  = {Weather and Forecasting},
   Fjournal = {Ams Journals},
   Volume   = {24},
   Year     = {2004},
   Pages    = {1106-1114}
}
@article{evans2008,
   Author  = {L. Evans and P. Bryant},
   Title   = {{lhc} Machine},
   Journal = {Journal Of Instrumentation},
   Year    = {2008}, 
   Volume  = {3},
   Number  = {Ss08001},
   Pages   = {1-158}
}

@article{huang2006,
   Title    = {Extreme Learning Machine: Theory and Applications},
   Journal  = {Neurocomputing},
   Volume   = {70},
   Number   = {1?3},
   Pages    = {489 - 501},
   Year     = {2006},
   Note     = {Neural Networksselected Papers From The 7th Brazilian Symposium On Neural Networks (sbrn '04)7th Brazilian Symposium On Neural Networks },
   Issn     = {0925-2312},
   \doi     = {$<$http://dx.doi.org/10.1016/j.neucom.2005.12.126$>$},
   \url     = {$<$http://www.sciencedirect.com/science/article/pii/s0925231206000385$>$},
   Author   = {Guang-Bin Huang and Qin-Yu Zhu and Chee-Kheong Siew},
   Keywords = {Feedforward Neural Networks},
   Keywords = {Back-propagation Algorithm},
   Keywords = {Extreme Learning Machine},
   Keywords = {Rupport Vector Machine},
   Keywords = {Real-time Learning},
   Keywords = {Random Node}
   }
@article{anjos2006,
   Author  = {{dos Anjos} A. and {Torres} R. C. and {Seixas}, J. M. and {Ferreira} B.C. and {Xavier} T. C.},
   Title   = {Neural Triggering System Operating on High Resolution Calorimetry Information},
   Journal = {Nuclear Instruments and Methods In Physics Research A},
   Year    = {2006},
   Month   = {Apr},
   Volume  = {559},
   Pages   = {134-138},
   Doi     = {10.1016/j.nima.2005.11.132},
   Adsurl  = {http://adsabs.harvard.edu/abs/2006nimpa.559..134d},
   Adsnote = {Provided By The Sao/Nasa Astrophysics Data System}
  }
  
@book{braga2007,
    Address = {Rio De Janeiro},
    Author  = {Antonio P. Braga and André C. P. De L. De Carvalho and Teresa B. Ludermir},
    Title     = {Redes Neurais Artificiais: Teoria E Aplicações},
    Publisher = {LTC},
    Year      = {2007},
    Edition   = {1}
    }  
@book{book:simonhaykin:2008,
  Author    = {Haykin, S.},
  Title     = {Neural Netoworks and Learning Machines},
  Publisher = {Prentice Hall},
  Year      = {2008},
  Address   = {Nova Jersey, Estados Unidos}
  }
  
@book{book:kattifaceli:2011,
   Author    = {K. Facelli and A. C. Lorena and J. Gama and A. Carvalho},
   Title     = {Inteligência Artificial Uma Abordagem De Aprendizado De Máquina},
   Publisher = {LTC},
   Year      = {2011},
   Address   = {Rio De Janeiro},
   Volume    = {1}
  }
  
@inproceedings{souza2014,
   Author         = {Edmar E. P. de Souza and Eduardo F. S. Filho and P. C. M. A. Farias, José M. Seixas},
    Booktitle     = {Anais Do XX Congresso Brasileiro de Automática},
    Date-Added    = {},
    Date-Modified = {},
    Editor        = {},
    Pages         = {1072 - 1079},
    Publisher     = {CBA - Congresso Brasileiro De Automática},
    Title         = {Sistema Neural Para Seleção Online De Eventos Com Pré-Processamento Através de DWT},
    \url          = {http://www.swge.inf.br/cba2014/anais/pdf/1569935671.pdf},
    Urlaccessdate = {20 A 24 Set. 2014},
    Year          = {2014},
    Bdsk-Url-1    = {}
        }
@article{koletsou2011,
   Author  = {{koletsou}},
   Title   = {The Atlas Liquid Argon Calorimeter At The Lhc},
   Journal = {Nuclear Instruments and Methods In Physics Research A},
   Year    = {2011},
   Month   = {Feb},
   Volume  = {628},
   Pages   = {351-354},
   Doi     = {10.1016/j.nima.2010.06.351},
   Adsurl  = {http://adsabs.harvard.edu/abs/2011nimpa.628..351k},
   Adsnote = {Provided By The Sao/Nasa Astrophysics Data System}
}
@inproceedings{desouza2014,
    Author    = {Diego C. Teles and Fábio Batista and Edmar E. P. de Souza and Eduardo F. Simas Filho and P. C. M. A. Farias, José M. De Seixas},      
    Booktitle = {Anais do XX Congresso Brasileiro de Automática},   
    Pages     = {2493 - 2499},
    Publisher = {CBA - Congresso Brasileiro de Automática},
        Title = {Sistema Neural Segmentado De Detecção Online De Elétrons Utilizando Pré-Processamento Estatístico},
        \url = {http://www.swge.inf.br/cba2014/anais/pdf/1569935671.pdf},
        Urlaccessdate = {20 A 24 Set. 2014},
        Year = {2014},
        Bdsk-Url-1 = {}
        }
